@inproceedings{greve2016evolving,
	title={Evolving Neural Turing Machines for Reward-based Learning},
	author={Greve, Rasmus Boll and Jacobsen, Emil Juul and Risi, Sebastian},
	booktitle={Proceedings of the 2016 on Genetic and Evolutionary Computation Conference},
	pages={117--124},
	year={2016},
	organization={ACM}
},
@article{stanley2002evolving,
	title={Evolving neural networks through augmenting topologies},
	author={Stanley, Kenneth O and Miikkulainen, Risto},
	journal={Evolutionary computation},
	volume={10},
	number={2},
	pages={99--127},
	year={2002},
	publisher={MIT Press}
},
@article{graves2014neural,
	title={Neural turing machines},
	author={Graves, Alex and Wayne, Greg and Danihelka, Ivo},
	journal={arXiv preprint arXiv:1410.5401},
	year={2014}
},
@article{graves2016hybrid,
	title={Hybrid computing using a neural network with dynamic external memory},
	author={Graves, Alex and Wayne, Greg and Reynolds, Malcolm and Harley, Tim and Danihelka, Ivo and Grabska-Barwi{\'n}ska, Agnieszka and Colmenarejo, Sergio G{\'o}mez and Grefenstette, Edward and Ramalho, Tiago and Agapiou, John and others},
	journal={Nature},
	volume={538},
	number={7626},
	pages={471--476},
	year={2016},
	publisher={Nature Research}
},
@inproceedings{luders2017continual,
	title={Continual and One-Shot Learning Through Neural Networks with Dynamic External Memory},
	author={L{\"u}ders, Benno and Schl{\"a}ger, Mikkel and Korach, Aleksandra and Risi, Sebastian},
	booktitle={European Conference on the Applications of Evolutionary Computation},
	pages={886--901},
	year={2017},
	organization={Springer}
}